%% This BibTeX bibliography file was created using BibDesk.
%% http://bibdesk.sourceforge.net/

%% Created for Subramanya Vajiraya at 2016-10-21 23:31:08 +1100 


%% Saved with string encoding Unicode (UTF-8) 



@inproceedings{dhwani,
	Author = {Nandakumar, Rajalakshmi and Chintalapudi, Krishna Kant and Padmanabhan, Venkat and Venkatesan, Ramarathnam},
	Booktitle = {ACM SIGCOMM Computer Communication Review},
	Number = {4},
	Organization = {ACM},
	Pages = {63--74},
	Title = {Dhwani: secure peer-to-peer acoustic NFC},
	Volume = {43},
	Year = {2013}}

@inproceedings{tapir,
	Author = {Jeon, Jimin and Chae, Gunho and Lee, Edward Jangwon and Yeo, Woon Seung},
	Booktitle = {NIME},
	Pages = {367--370},
	Title = {TAPIR Sound Tag: An Enhanced Sonic Communication Framework for Audience Participatory Performance.},
	Year = {2014}}

@article{chirpcast,
	Author = {Iannacci, Francis and Huang, Yanping},
	Journal = {arXiv preprint arXiv:1508.07099},
	Title = {ChirpCast: Data Transmission via Audio},
	Year = {2015}}

@misc{yamaha,
	Author = {Yamaha Research and Development},
	Date-Modified = {2016-10-21 12:31:08 +0000},
	Journal = {Research.yamaha.com},
	Title = {Yamaha: InfoSound},
	Url = {http://research.yamaha.com/network/ infosound/},
	Urldate = {2016-10-21},
	Year = {2016},
	Bdsk-Url-1 = {http://research.yamaha.com/network/%20infosound/}}

@article{priwhisper,
	Author = {Zhang, Bingsheng and Zhan, Qin and Chen, Si and Li, Muyuan and Ren, Kui and Wang, Cong and Ma, Di},
	Journal = {IEEE Internet of Things Journal},
	Number = {1},
	Pages = {33--45},
	Publisher = {IEEE},
	Title = {PriWhisper: Enabling Keyless Secure Acoustic Communication for Smartphones},
	Volume = {1},
	Year = {2014}}

@inproceedings{context,
	Author = {Hudson, Scott and Fogarty, James and Atkeson, Christopher and Avrahami, Daniel and Forlizzi, Jodi and Kiesler, Sara and Lee, Johnny and Yang, Jie},
	Booktitle = {Proceedings of the SIGCHI conference on Human factors in computing systems},
	Organization = {ACM},
	Pages = {257--264},
	Title = {Predicting human interruptibility with sensors: a Wizard of Oz feasibility study},
	Year = {2003}}

@inproceedings{spartacus,
	Author = {Sun, Zheng and Purohit, Aveek and Bose, Raja and Zhang, Pei},
	Booktitle = {Proceeding of the 11th annual international conference on Mobile systems, applications, and services},
	Organization = {ACM},
	Pages = {263--276},
	Title = {Spartacus: spatially-aware interaction for mobile devices through energy-efficient audio sensing},
	Year = {2013}}

@inproceedings{crowdcounting,
	Author = {Kannan, Pravein Govindan and Venkatagiri, Seshadri Padmanabha and Chan, Mun Choon and Ananda, Akhihebbal L and Peh, Li-Shiuan},
	Booktitle = {Proceedings of the 10th ACM Conference on Embedded Network Sensor Systems},
	Organization = {ACM},
	Pages = {155--168},
	Title = {Low cost crowd counting using audio tones},
	Year = {2012}}

@article{covert,
	Author = {Hanspach, Michael and Goetz, Michael},
	Journal = {arXiv preprint arXiv:1406.1213},
	Title = {On covert acoustical mesh networks in air},
	Year = {2014}}

@misc{battman,
	Journal = {IIT Bombay},
	Title = {Battman},
	Url = {https://www.cse.iitb.ac.in/synerg/lib/exe/fetch.php?media=public:students:nisham:nisha_mtp1_report.pdf},
	Urldate = {2016-10-21},
	Year = {2016},
	Bdsk-Url-1 = {https://www.cse.iitb.ac.in/synerg/lib/exe/fetch.php?media=public:students:nisham:nisha_mtp1_report.pdf}}
